@article{LC10,
  title={Population dynamics of PIWI-interacting RNAs (piRNAs) and their targets in Drosophila},
  author={Lu, Jian and Clark, Andrew G},
  journal={Genome research},
  volume={20},
  number={2},
  pages={212--227},
  year={2010},
  publisher={Cold Spring Harbor Lab}
}

@article{KAZ18,
  title={The evolution of small-RNA-mediated silencing of an invading transposable element},
  author={Kelleher, Erin S and Azevedo, Ricardo BR and Zheng, Yichen},
  journal={Genome biology and evolution},
  volume={10},
  number={11},
  pages={3038--3057},
  year={2018},
  publisher={Oxford University Press}
}

@article{Kof19,
  title={Dynamics of transposable element invasions with piRNA clusters},
  author={Kofler, Robert},
  journal={Molecular biology and evolution},
  volume={36},
  number={7},
  pages={1457--1472},
  year={2019},
  publisher={Oxford University Press}
}

@article{CC83,
  title={The population dynamics of transposable elements},
  author={Charlesworth, Brian and Charlesworth, Deborah},
  journal={Genetics Research},
  volume={42},
  number={1},
  pages={1--27},
  year={1983},
  publisher={Cambridge University Press}
}

@article{LC06,
  title={Population genetics models of competition between transposable element subfamilies},
  author={Le Rouzic, Arnaud and Capy, Pierre},
  journal={Genetics},
  volume={174},
  number={2},
  pages={785--793},
  year={2006},
  publisher={Genetics Soc America}
}

@article{LBC07,
  title={Long-term evolution of transposable elements},
  author={Le Rouzic, Arnaud and Boutin, Thibaud S and Capy, Pierre},
  journal={Proceedings of the National Academy of Sciences},
  volume={104},
  number={49},
  pages={19375--19380},
  year={2007},
  publisher={National Acad Sciences}
}

@article{RLZ+16,
  title={Experimental evolution reveals hyperparasitic interactions among transposable elements},
  author={Robillard, {\'E}milie and Le Rouzic, Arnaud and Zhang, Zheng and Capy, Pierre and Hua-Van, Aur{\'e}lie},
  journal={Proceedings of the National Academy of Sciences},
  volume={113},
  number={51},
  pages={14763--14768},
  year={2016},
  publisher={National Acad Sciences}
}

 @Article{SPS10,
    title = {Solving Differential Equations in {R}: Package de{S}olve},
    author = {Karline Soetaert and Thomas Petzoldt and R. Woodrow Setzer},
    journal = {Journal of Statistical Software},
    volume = {33},
    number = {9},
    pages = {1--25},
    year = {2010},
    coden = {JSSOBK},
    issn = {1548-7660},
    url = {http://www.jstatsoft.org/v33/i09},
    doi = {10.18637/jss.v033.i09},
    keywords = {ordinary differential equations, partial differential
    equations, differential algebraic equations, initial value problems,
    R, FORTRAN, C},
  }
